@InProceedings{KPF16,
author="Kirchner, Paul
and Fouque, Pierre-Alain",
title="Revisiting Lattice Attacks on Overstretched NTRU Parameters",
booktitle="Advances in Cryptology -- EUROCRYPT 2017",
year="2017",
pages="3--26"
}

@inproceedings{HoffsteinPS98,
  author    = {Jeffrey Hoffstein and
  Jill Pipher and
  Joseph H. Silverman},
  editor    = {Joe Buhler},
  title     = {{NTRU:} {A} Ring-Based Public Key Cryptosystem},
  booktitle = {ANTS-III},
  pages     = {267--288},
  year = {1998}
}

@article{circ_matrix_FFO,
  author    = {Andreas Rosowski},
  title     = {On Fast Computation of a Circulant Matrix-Vector Product},
  journal   = {CoRR},
  volume    = {abs/2103.02605},
  year      = {2021},
  url       = {https://arxiv.org/abs/2103.02605},
  eprinttype = {arXiv},
  eprint    = {2103.02605},
  timestamp = {Mon, 15 Mar 2021 17:30:55 +0100},
  biburl    = {https://dblp.org/rec/journals/corr/abs-2103-02605.bib},
  bibsource = {dblp computer science bibliography, https://dblp.org}
}

@inproceedings{BKZ2.0,
author = {Chen, Yuanmi and Nguyen, Phong},
year = {2011},
month = {12},
pages = {1-20},
title = {BKZ 2.0: Better Lattice Security Estimates},
volume = {7073},
isbn = {978-3-642-25384-3},
doi = {10.1007/978-3-642-25385-0_1}
}

@misc{2021:999,
    author       = {L\'{e}o Ducas and
		    Wessel van Woerden},
    title        = {{NTRU} Fatigue: How Stretched is Overstretched?},
    howpublished = {Cryptology ePrint Archive, Report 2021/999},
    year         = {2021},
    note         = {\url{https://ia.cr/2021/999}}
}


@inproceedings{2015_1014_Ducas_Prest,
author = {Ducas, L\'{e}o and Prest, Thomas},
title = {Fast Fourier Orthogonalization},
year = {2016},
booktitle = {Proceedings of the ACM on International Symposium on Symbolic and Algebraic Computation},
pages = {191–198},
numpages = {8},
series = {ISSAC'16}
}

 @misc{schanck2018comparison,
  title={A comparison of {NTRU} variants},
  author={Schanck, John M},
  journal={Cryptology ePrint Archive},
  year={2018},
  note={\url{https://eprint.iacr.org/2018/1174}}
}


@article{may99,
  title={Cryptanalysis of {NTRU}},
  author={May, Alexander},
  journal={preprint, February},
  year={1999},
  publisher={Citeseer}
}


@Article{test,
	author = {test},
	title = {test},
	journal = {test},
	year = {test},
}

@article{GNB18,
  title={Characterizing overstretched NTRU attacks},
  author={De Micheli, Gabrielle and Heninger, Nadia and Shani, Barak},
  journal={Journal of Mathematical Cryptology},
  volume={14},
  number={1},
  pages={110--119},
  year={2020},
  publisher={De Gruyter}
}

@misc{G6K_2019_089,
    author       = {Martin R. Albrecht and
		    Léo Ducas and
		    Gottfried Herold and
		    Elena Kirshanova and
		    Eamonn W. Postlethwaite and
		    Marc Stevens},
    title        = {The General Sieve Kernel and New Records in Lattice Reduction},
    howpublished = {Cryptology ePrint Archive, Report 2019/089},
    year         = {2019},
    note         = {\url{https://ia.cr/2019/089}},
}

@misc{PHS19,
    author       = {Alice Pellet-Mary and
		    Guillaume Hanrot and
		    Damien Stehlé},
    title        = {Approx-SVP in Ideal Lattices with Pre-processing},
    howpublished = {Cryptology ePrint Archive, Report 2019/215},
    year         = {2019},
    note         = {\url{https://ia.cr/2019/215}},
}

@misc{KEF19,
    author       = {Paul Kirchner and
		    Thomas Espitau and
		    Pierre-Alain Fouque},
    title        = {Algebraic and Euclidean Lattices: Optimal Lattice Reduction and Beyond},
    howpublished = {Cryptology ePrint Archive, Report 2019/1436},
    year         = {2019},
    note         = {\url{https://ia.cr/2019/1436}},
}

@misc{LP10,
    author       = {Richard Lindner and
		    Chris Peikert},
    title        = {Better Key Sizes (and Attacks) for LWE-Based Encryption},
    howpublished = {Cryptology ePrint Archive, Report 2010/613},
    year         = {2010},
    note         = {\url{https://ia.cr/2010/613}},
}

@inproceedings{hoffstein1998ntru,
  title={NTRU: A ring-based public key cryptosystem},
  author={Hoffstein, Jeffrey and Pipher, Jill and Silverman, Joseph H},
  booktitle={International algorithmic number theory symposium},
  pages={267--288},
  year={1998},
  organization={Springer}
}

@misc{cycloNTRU,
    author       = {Yang Yu and
		    Guangwu Xu and
		    Xiaoyun Wang},
    title        = {Provably Secure NTRUEncrypt over More General Cyclotomic Rings},
    howpublished = {Cryptology ePrint Archive, Report 2017/304},
    year         = {2017},
    note         = {\url{https://ia.cr/2017/304}},
}

@misc{convolutionNTRU,
    author       = {Wei Dai and
		    William Whyte and
		    Zhenfei Zhang},
    title        = {Optimizing polynomial convolution for NTRUEncrypt},
    howpublished = {Cryptology ePrint Archive, Report 2018/229},
    year         = {2018},
    note         = {\url{https://ia.cr/2018/229}},
}

@InProceedings{LRP11,
author="Lindner, Richard
and Peikert, Chris",
editor="Kiayias, Aggelos",
title="Better Key Sizes (and Attacks) for LWE-Based Encryption",
booktitle="Topics in Cryptology -- CT-RSA 2011",
year="2011",
publisher="Springer Berlin Heidelberg",
address="Berlin, Heidelberg",
pages="319--339",
}


@inproceedings{klein2000finding,
  title={Finding the closest lattice vector when it's unusually close},
  author={Klein, Philip},
  booktitle={Proceedings of the eleventh annual ACM-SIAM symposium on Discrete algorithms},
  pages={937--941},
  year={2000}
}

@inproceedings{ducas2018shortest,
  title={Shortest vector from lattice sieving: a few dimensions for free},
  author={Ducas, L{\'e}o},
  booktitle={Annual International Conference on the Theory and Applications of Cryptographic Techniques},
  pages={125--145},
  year={2018},
  organization={Springer}
}

@inproceedings{maslen1997generalized,
  title={Generalized FFTs—a survey of some recent results},
  author={Maslen, David K and Rockmore, Daniel N},
  booktitle={Groups and Computation II},
  volume={28},
  pages={183--287},
  year={1997},
  organization={American Mathematical Soc.}
}

@article{kannanEmbedding,
 ISSN = {0364765X, 15265471},
 URL = {http://www.jstor.org/stable/3689974},
 author = {Ravi Kannan},
 journal = {Mathematics of Operations Research},
 number = {3},
 pages = {415--440},
 publisher = {INFORMS},
 title = {Minkowski's Convex Body Theorem and Integer Programming},
 urldate = {2022-05-30},
 volume = {12},
 year = {1987}
}

@misc{cryptoeprint:2020/694,
      author = {Thomas Espitau and Paul Kirchner},
      title = {The nearest-colattice algorithm},
      howpublished = {Cryptology ePrint Archive, Paper 2020/694},
      year = {2020},
      note = {\url{https://eprint.iacr.org/2020/694}},
      url = {https://eprint.iacr.org/2020/694}
}

@misc{nphard,
  title = {Why do Problems for Post-Quantum algorithms have to be NP-Hard?},
  howpublished = {\url{https://crypto.stackexchange.com/questions/89446/why-do-problems-for-post-quantum-algorithms-have-to-be-np-hard}},
  note = {Accessed: 2023-03-04}
}

@INPROCEEDINGS{365700,
  author={Shor, P.W.},
  booktitle={Proceedings 35th Annual Symposium on Foundations of Computer Science}, 
  title={Algorithms for quantum computation: discrete logarithms and factoring}, 
  year={1994},
  volume={},
  number={},
  pages={124-134},
  doi={10.1109/SFCS.1994.365700}}
  
  @inproceedings{ajtai1998shortest,
  title={The shortest vector problem in L2 is NP-hard for randomized reductions},
  author={Ajtai, Mikl{\'o}s},
  booktitle={Proceedings of the thirtieth annual ACM symposium on Theory of computing},
  pages={10--19},
  year={1998}
}

@inproceedings{regev2006lattice,
  title={Lattice-based cryptography},
  author={Regev, Oded},
  booktitle={Advances in Cryptology-CRYPTO 2006: 26th Annual International Cryptology Conference, Santa Barbara, California, USA, August 20-24, 2006. Proceedings 26},
  pages={131--141},
  year={2006},
  organization={Springer}
}
@inproceedings{peikert2019algebraically,
  title={Algebraically structured LWE, revisited},
  author={Peikert, Chris and Pepin, Zachary},
  booktitle={Theory of Cryptography: 17th International Conference, TCC 2019, Nuremberg, Germany, December 1--5, 2019, Proceedings, Part I 17},
  pages={1--23},
  year={2019},
  organization={Springer}
}

@inproceedings{bos2018crystals,
  title={CRYSTALS-Kyber: a CCA-secure module-lattice-based KEM},
  author={Bos, Joppe and Ducas, L{\'e}o and Kiltz, Eike and Lepoint, Tancr{\`e}de and Lyubashevsky, Vadim and Schanck, John M and Schwabe, Peter and Seiler, Gregor and Stehl{\'e}, Damien},
  booktitle={2018 IEEE European Symposium on Security and Privacy (EuroS\&P)},
  pages={353--367},
  year={2018},
  organization={IEEE}
}

@article{ducas2018crystals,
  title={Crystals-dilithium: A lattice-based digital signature scheme},
  author={Ducas, L{\'e}o and Kiltz, Eike and Lepoint, Tancrede and Lyubashevsky, Vadim and Schwabe, Peter and Seiler, Gregor and Stehl{\'e}, Damien},
  journal={IACR Transactions on Cryptographic Hardware and Embedded Systems},
  pages={238--268},
  year={2018}
}

@inproceedings{D19,
  title={An LLL algorithm for module lattices},
  author={Lee, Changmin and Pellet-Mary, Alice and Stehl{\'e}, Damien and Wallet, Alexandre},
  booktitle={Advances in Cryptology--ASIACRYPT 2019: 25th International Conference on the Theory and Application of Cryptology and Information Security, Kobe, Japan, December 8--12, 2019, Proceedings, Part II},
  pages={59--90},
  year={2019},
  organization={Springer}
}

@book{cohen2012advanced,
  title={Advanced topics in computational number theory},
  author={Cohen, Henri},
  volume={193},
  year={2012},
  publisher={Springer Science \& Business Media}
}

@inproceedings{hanrot2011analyzing,
  title={Analyzing blockwise lattice algorithms using dynamical systems},
  author={Hanrot, Guillaume and Pujol, Xavier and Stehl{\'e}, Damien},
  booktitle={Advances in Cryptology--CRYPTO 2011: 31st Annual Cryptology Conference, Santa Barbara, CA, USA, August 14-18, 2011. Proceedings 31},
  pages={447--464},
  year={2011},
  organization={Springer}
}

@article{napias1996generalization,
  title={A generalization of the LLL-algorithm over euclidean rings or orders},
  author={Napias, Huguette},
  journal={Journal de th{\'e}orie des nombres de Bordeaux},
  volume={8},
  number={2},
  pages={387--396},
  year={1996}
}

@phdthesis{camus2017methodes,
  title={M{\'e}thodes algorithmiques pour les r{\'e}seaux alg{\'e}briques},
  author={Camus, Thomas},
  year={2017},
  school={Universit{\'e} Grenoble Alpes (ComUE)}
}

@inproceedings{fieker1996lattices,
  title={On lattices over number fields},
  author={Fieker, Claus and Pohst, ME},
  booktitle={Algorithmic Number Theory: Second International Symposium, ANTS-II Talence, France, May 18--23, 1996 Proceedings 2},
  pages={133--139},
  year={1996},
  organization={Springer}
}

@inproceedings{coppersmith1997lattice,
  title={Lattice attacks on {NTRU}},
  author={Coppersmith, Don and Shamir, Adi},
  booktitle={Advances in Cryptology—EUROCRYPT’97},
  pages={52--61},
  year={1997},
  organization={Springer}
}
