@book{Lang1978,
    title={Elliptic Curves: Diophantine Analysis},
    author={Lang, Serge},
    year={1978}
}

@book{CohenLenstra1984,
    title={Primality testing and Jacobi sums},
    author={Cohen, Henri and Lenstra, Hendrik W},
    year={1984}
}

@book{Schoof1985,
    title={Elliptic curves over finite fields and the computation of square roots mod p},
    author={Schoof, Ren{\'e}},
    year={1985}
}

@book{Lenstra1987,
    title={Factoring integers with elliptic curves},
    author={Lenstra Jr, Hendrik W},
    year={1987}
}

@book{Menezes1993,
    title={Elliptic Curve Public Key Cryptosystems},
    author={Menezes, Alfred J},
    year={1993}
}

@book{GelfandKapranovZelevinsky1994,
	title={Discriminants, Resultants, and Multidimensional Determinants},
	author={Gelfand, Israel M and Kapranov, Mikhail M and Zelevinsky, Andrei V},
	year={1994},
	publisher={Springer}
}

@book{vanTuyl1997,
    title={The field of $n$-torsion points of an elliptic curve over a finite field},
    author={van Tuyl, A. L.},
    year={1997}
}

@book{GoldwasserKilian1999,
    title={Primality testing using elliptic curves},
    author={Goldwasser, Shafi and Kilian, Joe},
    year={1999}
}

@book{Blake1999,
    title={Elliptic curves in cryptography},
    author={Blake, Ian and Seroussi, Gerald and Seroussi, Gadiel and Smart, Nigel},
    year={1999}
}

@book{CohenFrey+2005,
    title={Handbook of elliptic and hyperelliptic curve cryptography},
    author={Cohen, Henri and Frey, Gerhard and Avanzi, Roberto and Doche, Christophe and Lange, Tanja and Nguyen, Kim and Vercauteren, Frederik},
    year={2005}
}

@book{HankersonMenezesVanstone2006,
	title={Guide to elliptic curve cryptography},
	author={Hankerson, Darrel and Menezes, Alfred J and Vanstone, Scott},
	year={2006}
}

@book{Washington2008,
	title={Elliptic curves: number theory and cryptography},
	author={Washington, Lawrence C},
	year={2008}
}

@book{Silverman2009,
    title={The arithmetic of elliptic curves},
    author={Silverman, Joseph H},
    year={2009},
    edition={2}
}

@book{JaoDeFeo2011,
    title={Towards quantum-resistant cryptosystems from supersingular elliptic curve isogenies},
    author={Jao, David and De Feo, Luca},
    year={2011}
}

@book{JouxVitse2012,
	title={Cover and decomposition index calculus on elliptic curves made practical},
	author={Joux, Antoine and Vitse, Vanessa},
	year={2012}
}

@book{Galbraith2012,
    title={Mathematics of public key cryptography},
    author={Galbraith, Steven D},
    year={2012}
}

@book{GathenJurgen2013,
    title={Modern computer algebra},
    author={Von Zur Gathen, Joachim and Gerhard, J{\"u}rgen},
    year={2013}
}

@book{DeFeo2018,
    title={Exploring Isogeny Graphs},
    author={De Feo, Luca},
    year={2018}
}

@book{Costello2019,
    title={Supersingular Isogeny Key Exchange for Beginners},
    author={Costello, Craig},
    year={2019}
}

@book{CastryckDecru2022,
	author = {Wouter Castryck and Thomas Decru},
	title = {An efficient key recovery attack on SIDH},
	year = {2022}
}

@online{SIKE,
    title={SIKE â€“ Supersingular Isogeny Key Encapsulation},
    year={2020},
    url={https://sike.org/}
}

@online{SafeCurves,
    title={SafeCurves: choosing safe curves for elliptic-curve cryptography},
    author={Bernstein, Daniel J. and Lange, Tanja},
    year={2020},
    url={https://safecurves.cr.yp.to}
}
