
@book{Lang1978,
    title={Elliptic Curves: Diophantine Analysis},
    author={Lang, Serge},
    year={1978}
}

@book{Silverman2009,
  title={The arithmetic of elliptic curves},
  author={Silverman, Joseph H},
  year={2009}
}

@book{Menezes1993,
	title={Elliptic Curve Public Key Cryptosystems},
	author={Menezes, Alfred J},
	year={1993}
}

@book{Blake1999,
	title={Elliptic curves in cryptography},
	author={Blake, Ian and Seroussi, Gerald and Seroussi, Gadiel and Smart, Nigel},
	year={1999}
}

@book{HankersonMenezesVanstone2006,
	title={Guide to elliptic curve cryptography},
	author={Hankerson, Darrel and Menezes, Alfred J and Vanstone, Scott},
	year={2006}
}

@book{Washington2008,
	title={Elliptic curves: number theory and cryptography},
	author={Washington, Lawrence C},
	year={2008}
}

@book{vanTuyl1997,
    title={The field of $n$-torsion points of an elliptic curve over a finite field},
    author={van Tuyl, A. L.},
    year={1997}
}

@inproceedings{JouxVitse2012,
	title={Cover and decomposition index calculus on elliptic curves made practical},
	author={Joux, Antoine and Vitse, Vanessa},
	year={2012}
}